@Article{colmez_rubik,
title = {LE RUBIK'S CUBE, GROUPE DE POCHE},
author = {Pierre Colmez},
year = {2010},
journal = {https://webusers.imj-prg.fr/~pierre.colmez/rubik.pdf}
}

@Article{daniels,
title = {Group Theory and the Rubik’s Cube},
author = {Lindsey Daniels},
year = {2014},
journal = {http://math.fon.rs/files/DanielsProject58.pdf}
}

@Article{math_rubik,
title = {Mathematics of the Rubik’s cube},
author = {W. D. Joyner},
year = {1996-1997},
journal = {https://www.fuw.edu.pl/~konieczn/RubikCube.pdf}
}

@Article{culture_ens,
title = {Le Rubik’s cube et son petit frère, le Taquin à retournement,
du point de vue de la théorie des groupes},
author = {Ivan Riou},
journal = {https://culturemath.ens.fr/thematiques/superieur/les-maths-derriere-le-rubik-s-cube-et-son-petit-frere-le-taquin-a}
}

@Book{theorie_groupes,
author={Jean Delcourt},
title={Théorie des groupes, rappels de cours, exercices et problèmes corrigés},
year={2001},
publisher={Dunod}
}

@Book{singmaster,
author={David Singmaster},
title={Notes on Rubik's magic cube},
year={1981},
publisher={Enslow Publishers}
}

@Book{bandelow,
author={Christoph Bandelow},
title={Inside Rubik's cube and beyond},
year={1982},
publisher={BIRKHAUSER},
pages = {145}
}

@Article{wallon,
title = {Examen de 2ème session},
author = {Samuel Wallon},
year = {2017},
journal = {https://pperso.ijclab.in2p3.fr/page_perso//Wallon/problemes-M1-symetries/examen-session2-2017-corrige.pdf}
}

@Book{warusfel,
title={Réussir le Rubik's cube},
author={André Warusfel},
year={1981},
publisher={Denoël}}

@Book{maclane,
title={Algèbre, Structures fondamentales},
author={S. Maclane, G. Birkhoff},
year={1970},
publisher={Imprimerie Gauthier-Villars}
}

@Article{lyon,
title={Agrégation de Mathématiques : Algèbre \& géométrie, présentation de groupes},
author={Jérôme Gemoni},
year={2008-2009},
journal={http://math.univ-lyon1.fr/~germoni/agreg/presentation.pdf}
}
